@article{Anger1958,
author = {Anger, Hal O.},
title = {Scintillation Camera},
journal = {Review of Scientific Instruments},
volume = {29},
number = {1},
pages = {27-33},
year = {1958},
doi = {10.1063/1.1715998},

URL = { 
        http://dx.doi.org/10.1063/1.1715998
    
},
eprint = { 
        http://dx.doi.org/10.1063/1.1715998
    
}
}

@article{Anger1964,
author = {Anger, Hal O.}, 
title = {Scintillation Camera with Multichannel Collimators},
volume = {5}, 
number = {7}, 
pages = {515-531}, 
year = {1964}, 
URL = {http://jnm.snmjournals.org/content/5/7/515.short}, 
eprint = {http://jnm.snmjournals.org/content/5/7/515.full.pdf+html}, 
journal = {Journal of Nuclear Medicine} 
}

@article {Singh_CC,
author = {Singh, M.},
title = {An electronically collimated gamma camera for single photon emission computed tomography. {P}art {I}: theoretical considerations and design criteria},
journal = {Medical Physics},
volume = {10},
number = {4},
publisher = {American Association of Physicists in Medicine},
issn = {2473-4209},
url = {http://dx.doi.org/10.1118/1.595313},
doi = {10.1118/1.595313},
pages = {421--427},
keywords = {Medical imaging, Non-ionizing radiation equipment and techniques, Biomedical imaging, Biophysical techniques (research methods), X- and γ-ray instruments, design, gamma cameras, single photon emission computed tomography, images, collimators, optimization, radiation detectors, radiation detection, gamma radiation, signal−to−noise ratio, image forming, technetium 99, gain, germanium, Cameras, Medical imaging, Collimation, Image sensors, Scintillation detectors, Spatial resolution, Surface reconstruction, Gamma rays, Image detection systems, Single photon emission computed tomography},
year = {1983},
}

@article{Bragg_main,
author = { Bragg, W H M A  and Kleeman, R },
title = {On the ionization curves of radium},
journal = {The London, Edinburgh, and Dublin Philosophical Magazine and Journal of Science},
volume = {8},
number = {48},
pages = {726-738},
year  = {1904},
publisher = {Taylor & Francis},
doi = {10.1080/14786440409463246},

URL = { 
        https://doi.org/10.1080/14786440409463246
    
},
eprint = { 
        https://doi.org/10.1080/14786440409463246
    
}
}
